<?xml version="1.0" encoding="UTF-8"?><collection xmlns="http://www.loc.gov/MARC21/slim"><record><leader>00573nam--2200217-u-4500</leader><controlfield tag="001">000050744</controlfield><controlfield tag="002">20161230</controlfield><controlfield tag="005">20161230201048</controlfield><controlfield tag="008">080331s1000------------r-----000-0-eng-d</controlfield><datafield ind1=" " ind2=" " tag="020"><subfield code="a">1-85233-797-4</subfield></datafield><datafield ind1=" " ind2=" " tag="040"><subfield code="a">IFIN-HH</subfield></datafield><datafield ind1=" " ind2=" " tag="080"><subfield code="a">534.3/7</subfield></datafield><datafield ind1="1" ind2=" " tag="100"><subfield code="a">Sethares, William A</subfield></datafield><datafield ind1="1" ind2="0" tag="245"><subfield code="a">Tuning, Timbre, Spectrum, Scale</subfield><subfield code="c">William A. Sethares</subfield></datafield><datafield ind1=" " ind2=" " tag="250"><subfield code="a">Second Edition</subfield></datafield><datafield ind1=" " ind2=" " tag="260"><subfield code="a">London</subfield><subfield code="b">Springer-Verlag</subfield><subfield code="c">2005</subfield></datafield><datafield ind1=" " ind2=" " tag="300"><subfield code="a">426 p</subfield></datafield><datafield ind1=" " ind2=" " tag="504"><subfield code="a">Includes Bibliographical References and Index</subfield></datafield><datafield ind1=" " ind2="4" tag="650"><subfield code="a">Sound</subfield></datafield><datafield ind1=" " ind2=" " tag="852"><subfield code="c">534</subfield></datafield><datafield ind1=" " ind2=" " tag="CAT"><subfield code="a">Sys</subfield><subfield code="c">20101014</subfield><subfield code="h">094535</subfield></datafield></record></collection>